@INPROCEEDINGS{Podkopaev-al:PLC17,
  author =        {Антон Подкопаев and Ори Лахав and Виктор Вафеядис},
  title =         {Обещающая компиляция в ARMv8},
  booktitle =	{Языки программирования и компиляторы},
  series =	{Труды конференции},
  year =	{2017},
  editor =	{Д.В. Дубров},
  address =	{Ростов-на-Дону, Россия},
  language = {russian}
}

@ARTICLE{Podkopaev-al:CoRR16,
  author =        {Anton Podkopaev and Ilya Sergey and Aleksandar Nanevski},
  journal =       {CoRR},
  title =         {Operational Aspects of {C/C++} Concurrency},
  volume =        {abs/1606.01400},
  year =          {2016},
  url =           {http://arxiv.org/abs/1606.01400},
  language  = {english},
}