@ARTICLE{Podkopaev-al:NTV17,
  author =        {Антон Подкопаев and Ори Лахав and Виктор Вафеядис},
  journal =       {НТВ СПбГПУ. Информатика. Телекоммуникации. Управление},
  title =         {О корректности компиляции подмножествa обещающей модели памяти в аксиоматическую модель ARMv8.3},
  volume =        {4},
  year =          {2017},
}